@book{alperin1995,
  AUTHOR={Alperin, J. L. and Bell, Rowen B.},
  TITLE={Groups and representations},
  SERIES={Graduate Texts in Mathematics},
  VOLUME={162},
  PUBLISHER={Springer-Verlag},
  ADDRESS={New York},
  YEAR={1995},
  PAGES={x+194},
  ISBN={0-387-94525-3},
  MRCLASS={20-01},
  MRNUMBER={MR1369573 (96m:20001)},
  MRREVIEWER={David Chillag}
}

@book{artin1991,
  AUTHOR={Artin, Michael},
  TITLE={Algebra},
  PUBLISHER={Prentice Hall Inc.},
  ADDRESS={Englewood Cliffs, NJ},
  YEAR={1991},
  PAGES={xviii+618},
  ISBN={0-13-004763-5},
  MRCLASS={00A05 (11-01 12-01 13-01 15-01 16-01 20-01)},
  MRNUMBER={MR1129886 (92g:00001)},
  MRREVIEWER={Gerald J. Janusz}
}

@book{aschbacher2004,
  AUTHOR={Aschbacher, Michael and Smith, Stephen D.},
  TITLE={The classification of quasithin groups. {I, II}},
  SERIES={Mathematical Surveys and Monographs},
  VOLUME={111, 112},
  NOTE={Structure of strongly quasithin $K$-groups},
  PUBLISHER={American Mathematical Society},
  ADDRESS={Providence, RI},
  YEAR={2004},
  PAGES={xiv+477},
  ISBN={0-8218-3410-X},
  MRCLASS={20D05 (20C20)},
  MRNUMBER={MR2097623 (2005m:20038a)},
  MRREVIEWER={Ronald Solomon}
}

@book{aschbacher2004a,
  AUTHOR={Aschbacher, Michael and Smith, Stephen D.},
  TITLE={The classification of quasithin groups. {I}},
  SERIES={Mathematical Surveys and Monographs},
  VOLUME={111},
  NOTE={Structure of strongly quasithin $K$-groups},
  PUBLISHER={American Mathematical Society},
  ADDRESS={Providence, RI},
  YEAR={2004},
  PAGES={xiv+477},
  ISBN={0-8218-3410-X},
  MRCLASS={20D05 (20C20)},
  MRNUMBER={MR2097623 (2005m:20038a)},
  MRREVIEWER={Ronald Solomon}
}

@book{aschbacher2004b,
  AUTHOR={Aschbacher, Michael and Smith, Stephen D.},
  TITLE={The classification of quasithin groups. {II}},
  SERIES={Mathematical Surveys and Monographs},
  VOLUME={112},
  NOTE={Main theorems: the classification of simple QTKE-groups},
  PUBLISHER={American Mathematical Society},
  ADDRESS={Providence, RI},
  YEAR={2004},
  PAGES={i--xii and 479--1221},
  ISBN={0-8218-3411-8},
  MRCLASS={20D05 (20C20)},
  MRNUMBER={MR2097624 (2005m:20038b)},
  MRREVIEWER={Ronald Solomon}
}

@article{besche2001,
  AUTHOR={Besche, Hans Ulrich and Eick, Bettina and O'Brien, E. A.},
  TITLE={The groups of order at most 2000},
  JOURNAL={Electron. Res. Announc. Amer. Math. Soc.},
  FJOURNAL={Electronic Research Announcements of the American Mathematical Society},
  VOLUME={7},
  YEAR={2001},
  PAGES={1--4 (electronic)},
  ISSN={1079-6762},
  MRCLASS={20D60},
  MRNUMBER={MR1826989}
}

@article{brauer1955,
  AUTHOR={Brauer, Richard and Fowler, K. A.},
  TITLE={On groups of even order},
  JOURNAL={Ann. of Math. (2)},
  FJOURNAL={Annals of Mathematics. Second Series},
  VOLUME={62},
  YEAR={1955},
  PAGES={565--583},
  ISSN={0003-486X},
  MRCLASS={20.0X},
  MRNUMBER={MR0074414 (17,580e)},
  MRREVIEWER={T. Nakayama}
}

@book{burnside1897,
  AUTHOR={Burnside, W.},
  TITLE={Theory of groups of finite order},
  PUBLISHER={Cambridge: at the University Press},
  ADDRESS={Cambridge},
  YEAR={1897},
  CLASS={20.0X},
  MRNUMBER={MR0069818 (16,1086c)}
}

@book{curtis1984,
  AUTHOR={Curtis, Morton L.},
  TITLE={Matrix groups},
  SERIES={Universitext},
  EDITION={Second},
  PUBLISHER={Springer-Verlag},
  ADDRESS={New York},
  YEAR={1984},
  PAGES={xiii+210},
  ISBN={0-387-96074-0},
  MRCLASS={22-01 (20-01)},
  MRNUMBER={MR766229 (85k:22001)}
}

@book{curtis1999,
  AUTHOR={Curtis, Charles W.},
  TITLE={Pioneers of representation theory: {F}robenius, {B}urnside, {S}chur, and
    {B}rauer},
  SERIES={History of Mathematics},
  VOLUME={15},
  PUBLISHER={American Mathematical Society},
  ADDRESS={Providence, RI},
  YEAR={1999},
  PAGES={xvi+287},
  ISBN={0-8218-9002-6},
  MRCLASS={20-03 (01A55 01A60 01A70 20C15 20C30 20G05)},
  MRNUMBER={MR1715145 (2001e:20001)},
  MRREVIEWER={Peter M. Neumann}
}

@incollection{elkies1999,
  AUTHOR={Elkies, Noam D.},
  TITLE={The {K}lein quartic in number theory},
  BOOKTITLE={The eightfold way},
  SERIES={Math. Sci. Res. Inst. Publ.},
  VOLUME={35},
  PAGES={51--101},
  PUBLISHER={Cambridge Univ. Press},
  ADDRESS={Cambridge},
  YEAR={1999},
  NOTE={Available at \url{http://www.msri.org/communications/books/Book35/}},
  MRCLASS={11G30 (11G05 11G18 11R29 14H45)},
  MRNUMBER={1722413 (2001a:11103)},
  MRREVIEWER={Chandrashekhar Khare}
}

@article{feit1963,
  AUTHOR={Feit, Walter and Thompson, John G.},
  TITLE={Solvability of groups of odd order},
  JOURNAL={Pacific J. Math.},
  FJOURNAL={Pacific Journal of Mathematics},
  VOLUME={13},
  YEAR={1963},
  PAGES={775--1029},
  ISSN={0030-8730},
  MRCLASS={20.40 (20.25)},
  MRNUMBER={MR0166261 (29 \#3538)},
  MRREVIEWER={M. Suzuki}
}

@inproceedings{feit1995,
  AUTHOR={Feit, Walter},
  TITLE={On the work of {E}fim {Z}elmanov},
  BOOKTITLE={Proceedings of the International Congress of Mathematicians, Vol.\
    1, 2 (Z\"urich, 1994)},
  PAGES={17--24},
  PUBLISHER={Birkh\"auser},
  ADDRESS={Basel},
  YEAR={1995},
  MRCLASS={01A70 (01A60)},
  MRNUMBER={MR1403911}
}

@article{glauberman1999,
  AUTHOR={Glauberman, George},
  TITLE={A new look at the {F}eit-{T}hompson odd order theorem},
  NOTE={15th School of Algebra (Portuguese) (Canela, 1998). Available at \url{www.mat.unb.br/~matcont/16_5.ps}},
  JOURNAL={Mat. Contemp.},
  FJOURNAL={Matem\'atica Contempor\^anea},
  VOLUME={16},
  YEAR={1999},
  PAGES={73--92},
  ISSN={0103-9059},
  MRCLASS={20D10},
  MRNUMBER={1756828 (2001b:20027)},
  MRREVIEWER={H. Bechtell}
}

@book{hall1959,
  AUTHOR={Hall, Jr., Marshall},
  TITLE={The theory of groups},
  PUBLISHER={The Macmillan Co.},
  ADDRESS={New York, N.Y.},
  YEAR={1959},
  PAGES={xiii+434},
  MRCLASS={20.00},
  MRNUMBER={MR0103215 (21 \#1996)},
  MRREVIEWER={R. H. Bruck}
}

@book{humphreys1990,
  AUTHOR={Humphreys, James E.},
  TITLE={Reflection groups and {C}oxeter groups},
  SERIES={Cambridge Studies in Advanced Mathematics},
  VOLUME={29},
  PUBLISHER={Cambridge University Press},
  ADDRESS={Cambridge},
  YEAR={1990},
  PAGES={xii+204},
  ISBN={0-521-37510-X},
  MRCLASS={20-02 (20F32 20F55 20G15 20H15)},
  MRNUMBER={MR1066460 (92h:20002)},
  MRREVIEWER={Louis Solomon}
}

@book{massey1967,
  AUTHOR={Massey, William S.},
  TITLE={Algebraic topology: {A}n introduction},
  PUBLISHER={Harcourt, Brace {\&} World, Inc., New York},
  YEAR={1967},
  PAGES={xix+261},
  MRCLASS={55.00 (54.00)},
  MRNUMBER={MR0211390 (35 \#2271)},
  MRREVIEWER={S.-T. Hu}
}

@incollection{morse2008,
  AUTHOR={Morse, Robert Fitzgerald},
  TITLE={On the application of computational group theory to the theory of groups},
  BOOKTITLE={Computational group theory and the theory of groups},
  SERIES={Contemp. Math.},
  VOLUME={470},
  PAGES={1--19},
  PUBLISHER={Amer. Math. Soc.},
  ADDRESS={Providence, RI},
  YEAR={2008},
  MRCLASS={20-04 (20-02 20D99 20F05 20F45)},
  MRNUMBER={2478410 (2009k:20003)},
  MRREVIEWER={D. F. Holt}
}

@book{MR0069818,
  AUTHOR={Burnside, W.},
  TITLE={Theory of groups of finite order},
  NOTE={2d ed},
  PUBLISHER={Dover Publications Inc.},
  ADDRESS={New York},
  YEAR={1955},
  PAGES={xxiv+512},
  MRCLASS={20.0X},
  MRNUMBER={MR0069818 (16,1086c)}
}

@article{pyber1993,
  AUTHOR={Pyber, L.},
  TITLE={Enumerating finite groups of given order},
  JOURNAL={Ann. of Math. (2)},
  FJOURNAL={Annals of Mathematics. Second Series},
  VOLUME={137},
  YEAR={1993},
  NUMBER={1},
  PAGES={203--220},
  ISSN={0003-486X},
  CODEN={ANMAAH},
  MRCLASS={11N45 (20D60)},
  MRNUMBER={MR1200081 (93m:11097)},
  MRREVIEWER={Robert M. Guralnick}
}

@book{ronan2006,
  AUTHOR={Ronan, Mark},
  TITLE={Symmetry and the monster. One of the greatest quests of mathematics},
  PUBLISHER={Oxford University Press},
  ADDRESS={Oxford},
  YEAR={2006},
  PAGES={vi+251},
  ISBN={978-0-19-280722-9; 0-19-280722-6},
  MRCLASS={00A05 (20D08)},
  MRNUMBER={MR2215662 (2007b:00002)},
  MRREVIEWER={Robert A. Wilson}
}

@book{rotman1995,
  AUTHOR={Rotman, Joseph J.},
  TITLE={An introduction to the theory of groups},
  SERIES={Graduate Texts in Mathematics},
  VOLUME={148},
  EDITION={Fourth},
  PUBLISHER={Springer-Verlag},
  ADDRESS={New York},
  YEAR={1995},
  PAGES={xvi+513},
  ISBN={0-387-94285-8},
  MRCLASS={20-01},
  MRNUMBER={MR1307623 (95m:20001)},
  MRREVIEWER={Ronald Solomon}
}

@article{schupp1987,
  AUTHOR={Schupp, Paul E.},
  TITLE={A characterization of inner automorphisms},
  JOURNAL={Proc. Amer. Math. Soc.},
  FJOURNAL={Proceedings of the American Mathematical Society},
  VOLUME={101},
  YEAR={1987},
  NUMBER={2},
  PAGES={226--228},
  ISSN={0002-9939},
  CODEN={PAMYAR},
  MRCLASS={20E36},
  MRNUMBER={902532 (89b:20070)}
}

@book{serre1980,
  AUTHOR={Serre, Jean-Pierre},
  TITLE={Trees},
  NOTE={Translated from the French by John Stillwell},
  PUBLISHER={Springer-Verlag},
  ADDRESS={Berlin},
  YEAR={1980},
  PAGES={ix+142},
  ISBN={3-540-10103-9},
  MRCLASS={20H10 (05C05 22E50)},
  MRNUMBER={MR607504 (82c:20083)}
}

@article{serre2003,
  AUTHOR={Serre, Jean-Pierre},
  TITLE={On a theorem of {J}ordan},
  JOURNAL={Bull. Amer. Math. Soc. (N.S.)},
  FJOURNAL={American Mathematical Society. Bulletin. New Series},
  VOLUME={40},
  YEAR={2003},
  NUMBER={4},
  PAGES={429--440},
  ISSN={0273-0979},
  CODEN={BAMOAD},
  MRCLASS={11F32 (11F11 11F80)},
  MRNUMBER={1997347 (2004f:11040)}
}

@article{solomon2001,
  AUTHOR={Solomon, Ronald},
  TITLE={A brief history of the classification of the finite simple groups},
  JOURNAL={Bull. Amer. Math. Soc. (N.S.)},
  FJOURNAL={American Mathematical Society. Bulletin. New Series},
  VOLUME={38},
  YEAR={2001},
  NUMBER={3},
  PAGES={315--352},
  ISSN={0273-0979},
  CODEN={BAMOAD},
  MRCLASS={20-03 (01A60 20D05)},
  MRNUMBER={MR1824893 (2002k:20002)},
  MRREVIEWER={Gernot Stroth}
}

@article{sylow1872,
  AUTHOR={Sylow, M. L.},
  TITLE={Th\'eor\`emes sur les groupes de substitutions},
  JOURNAL={Math. Ann.},
  FJOURNAL={Mathematische Annalen},
  VOLUME={5},
  YEAR={1872},
  NUMBER={4},
  PAGES={584--594},
  ISSN={0025-5831},
  CODEN={MAANA},
  MRCLASS={Contributed Item},
  MRNUMBER={MR1509796}
}

@article{wild2005,
  AUTHOR={Wild, Marcel},
  TITLE={The groups of order sixteen made easy},
  JOURNAL={Amer. Math. Monthly},
  FJOURNAL={The American Mathematical Monthly},
  VOLUME={112},
  YEAR={2005},
  NUMBER={1},
  PAGES={20--31},
  ISSN={0002-9890},
  CODEN={AMMYAE},
  MRCLASS={20D99},
  MRNUMBER={MR2110109}
}

@article{wong1962,
  AUTHOR={Wong, W. J.},
  TITLE={Mathematical {N}otes: {F}initely {G}enerated {M}odules over {P}rincipal
    {I}deal {D}omains},
  JOURNAL={Amer. Math. Monthly},
  FJOURNAL={The American Mathematical Monthly},
  VOLUME={69},
  YEAR={1962},
  NUMBER={5},
  PAGES={398--400},
  ISSN={0002-9890},
  CODEN={AMMYAE},
  MRCLASS={Contributed Item},
  MRNUMBER={MR1531680}
}

